% Encoding: UTF-8

@Misc{honeydrive16,
  author       = {HoneyDrive},
  title        = {Honeypots in a box!},
  howpublished = {\url{http://bruteforce.gr/honeydrive}},
  year         = {2016},
  note         = {abgerufen: 10.11.2016},
}

@Misc{Kippo16,
  author       = {Kippo},
  title        = {SSH Honeypot},
  howpublished = {\url{https://github.com/desaster/kippo}},
  year         = {2016},
  note         = {abgerufen: 10.11.2016},
}

@Misc{Glastopf16,
  author       = {Glastopf},
  title        = {Web Application Honeypot},
  howpublished = {\url{http://glastopf.org}},
  year         = {2016},
  note         = {abgerufen: 10.11.2016},
}

@Misc{Honeyd16,
  author       = {Honeyd},
  title        = {Developments of the Honeyd Virtual Honeypot},
  howpublished = {\url{http://www.honeyd.org/}},
  year         = {2016},
  note         = {abgerufen: 10.11.2016},
}

@Misc{WikiHoney16,
  author       = {Wikipedia},
  title        = {Honeypot},
  howpublished = {\url{https://de.wikipedia.org/wiki/Honeypot}},
  year         = {2016},
  note         = {abgerufen: 14.11.2016},
}

@Article{NawrockiWSKS16,
  author    = {Marcin Nawrocki and Matthias W{\"{a}}hlisch and Thomas C. Schmidt and Christian Keil and Jochen Sch{\"{o}}nfelder},
  title     = {A Survey on Honeypot Software and Data Analysis},
  journal   = {CoRR},
  year      = {2016},
  volume    = {abs/1608.06249},
  bibsource = {dblp computer science bibliography, http://dblp.org},
  biburl    = {http://dblp.uni-trier.de/rec/bib/journals/corr/NawrockiWSKS16},
  timestamp = {Fri, 02 Sep 2016 17:46:24 +0200},
  url       = {http://arxiv.org/abs/1608.06249},
}

@Comment{jabref-meta: databaseType:bibtex;}
