% Encoding: UTF-8

@Misc{honeydrive16,
  author       = {HoneyDrive},
  title        = {Honeypots in a box!},
  howpublished = {\url{http://bruteforce.gr/honeydrive}},
  year         = {2016},
  note         = {abgerufen: 10.11.2016},
}

@Misc{Kippo16,
  author       = {Kippo},
  title        = {SSH Honeypot},
  howpublished = {\url{https://github.com/desaster/kippo}},
  year         = {2016},
  note         = {abgerufen: 10.11.2016},
}

@Misc{Glastopf16,
  author       = {Glastopf},
  title        = {Web Application Honeypot},
  howpublished = {\url{http://glastopf.org}},
  year         = {2016},
  note         = {abgerufen: 10.11.2016},
}

@Misc{Honeyd16,
  author       = {Honeyd},
  title        = {Developments of the Honeyd Virtual Honeypot},
  howpublished = {\url{http://www.honeyd.org/}},
  year         = {2016},
  note         = {abgerufen: 10.11.2016},
}

@Comment{jabref-meta: databaseType:bibtex;}
